@misc{https://doi.org/10.48550/arxiv.2112.07804,
  doi = {10.48550/ARXIV.2112.07804},
  
  url = {https://arxiv.org/abs/2112.07804},
  
  author = {Xiao, Zhisheng and Kreis, Karsten and Vahdat, Arash},
  
  keywords = {Machine Learning (cs.LG), Machine Learning (stat.ML), FOS: Computer and information sciences, FOS: Computer and information sciences},
  
  title = {Tackling the Generative Learning Trilemma with Denoising Diffusion GANs},
  
  publisher = {arXiv},
  
  year = {2021},
  
  copyright = {arXiv.org perpetual, non-exclusive license}
}

@misc{https://doi.org/10.48550/arxiv.2006.11239,
  doi = {10.48550/ARXIV.2006.11239},
  
  url = {https://arxiv.org/abs/2006.11239},
  
  author = {Ho, Jonathan and Jain, Ajay and Abbeel, Pieter},
  
  keywords = {Machine Learning (cs.LG), Machine Learning (stat.ML), FOS: Computer and information sciences, FOS: Computer and information sciences},
  
  title = {Denoising Diffusion Probabilistic Models},
  
  publisher = {arXiv},
  
  year = {2020},
  
  copyright = {arXiv.org perpetual, non-exclusive license}
}

@misc{https://doi.org/10.48550/arxiv.2106.00132,
  doi = {10.48550/ARXIV.2106.00132},
  
  url = {https://arxiv.org/abs/2106.00132},
  
  author = {Kong, Zhifeng and Ping, Wei},
  
  keywords = {Machine Learning (cs.LG), FOS: Computer and information sciences, FOS: Computer and information sciences},
  
  title = {On Fast Sampling of Diffusion Probabilistic Models},
  
  publisher = {arXiv},
  
  year = {2021},
  
  copyright = {arXiv.org perpetual, non-exclusive license}
}

@misc{https://doi.org/10.48550/arxiv.1812.04948,
  doi = {10.48550/ARXIV.1812.04948},
  
  url = {https://arxiv.org/abs/1812.04948},
  
  author = {Karras, Tero and Laine, Samuli and Aila, Timo},
  
  keywords = {Neural and Evolutionary Computing (cs.NE), Machine Learning (cs.LG), Machine Learning (stat.ML), FOS: Computer and information sciences, FOS: Computer and information sciences},
  
  title = {A Style-Based Generator Architecture for Generative Adversarial Networks},
  
  publisher = {arXiv},
  
  year = {2018},
  
  copyright = {arXiv.org perpetual, non-exclusive license}
}


@misc{https://doi.org/10.48550/arxiv.1503.03585,
  doi = {10.48550/ARXIV.1503.03585},
  
  url = {https://arxiv.org/abs/1503.03585},
  
  author = {Sohl-Dickstein, Jascha and Weiss, Eric A. and Maheswaranathan, Niru and Ganguli, Surya},
  
  keywords = {Machine Learning (cs.LG), Disordered Systems and Neural Networks (cond-mat.dis-nn), Neurons and Cognition (q-bio.NC), Machine Learning (stat.ML), FOS: Computer and information sciences, FOS: Computer and information sciences, FOS: Physical sciences, FOS: Physical sciences, FOS: Biological sciences, FOS: Biological sciences},
  
  title = {Deep Unsupervised Learning using Nonequilibrium Thermodynamics},
  
  publisher = {arXiv},
  
  year = {2015},
  
  copyright = {arXiv.org perpetual, non-exclusive license}
}

@misc{https://doi.org/10.48550/arxiv.1312.6114,
  doi = {10.48550/ARXIV.1312.6114},
  
  url = {https://arxiv.org/abs/1312.6114},
  
  author = {Kingma, Diederik P and Welling, Max},
  
  keywords = {Machine Learning (stat.ML), Machine Learning (cs.LG), FOS: Computer and information sciences, FOS: Computer and information sciences},
  
  title = {Auto-Encoding Variational Bayes},
  
  publisher = {arXiv},
  
  year = {2013},
  
  copyright = {arXiv.org perpetual, non-exclusive license}
}


@misc{https://doi.org/10.48550/arxiv.2105.05233,
  doi = {10.48550/ARXIV.2105.05233},
  
  url = {https://arxiv.org/abs/2105.05233},
  
  author = {Dhariwal, Prafulla and Nichol, Alex},
  
  keywords = {Machine Learning (cs.LG), Artificial Intelligence (cs.AI), Computer Vision and Pattern Recognition (cs.CV), Machine Learning (stat.ML), FOS: Computer and information sciences, FOS: Computer and information sciences},
  
  title = {Diffusion Models Beat GANs on Image Synthesis},
  
  publisher = {arXiv},
  
  year = {2021},
  
  copyright = {arXiv.org perpetual, non-exclusive license}
}


@misc{https://doi.org/10.48550/arxiv.2102.09672,
  doi = {10.48550/ARXIV.2102.09672},
  
  url = {https://arxiv.org/abs/2102.09672},
  
  author = {Nichol, Alex and Dhariwal, Prafulla},
  
  keywords = {Machine Learning (cs.LG), Artificial Intelligence (cs.AI), Machine Learning (stat.ML), FOS: Computer and information sciences, FOS: Computer and information sciences},
  
  title = {Improved Denoising Diffusion Probabilistic Models},
  
  publisher = {arXiv},
  
  year = {2021},
  
  copyright = {arXiv.org perpetual, non-exclusive license}
}


@misc{https://doi.org/10.48550/arxiv.1406.2661,
  doi = {10.48550/ARXIV.1406.2661},
  
  url = {https://arxiv.org/abs/1406.2661},
  
  author = {Goodfellow, Ian J. and Pouget-Abadie, Jean and Mirza, Mehdi and Xu, Bing and Warde-Farley, David and Ozair, Sherjil and Courville, Aaron and Bengio, Yoshua},
  
  keywords = {Machine Learning (stat.ML), Machine Learning (cs.LG), FOS: Computer and information sciences, FOS: Computer and information sciences},
  
  title = {Generative Adversarial Networks},
  
  publisher = {arXiv},
  
  year = {2014},
  
  copyright = {arXiv.org perpetual, non-exclusive license}
}


@misc{https://doi.org/10.48550/arxiv.1701.07875,
  doi = {10.48550/ARXIV.1701.07875},
  
  url = {https://arxiv.org/abs/1701.07875},
  
  author = {Arjovsky, Martin and Chintala, Soumith and Bottou, L?on},
  
  keywords = {Machine Learning (stat.ML), Machine Learning (cs.LG), FOS: Computer and information sciences, FOS: Computer and information sciences},
  
  title = {Wasserstein GAN},
  
  publisher = {arXiv},
  
  year = {2017},
  
  copyright = {arXiv.org perpetual, non-exclusive license}
}


@misc{https://doi.org/10.48550/arxiv.1606.00709,
  doi = {10.48550/ARXIV.1606.00709},
  
  url = {https://arxiv.org/abs/1606.00709},
  
  author = {Nowozin, Sebastian and Cseke, Botond and Tomioka, Ryota},
  
  keywords = {Machine Learning (stat.ML), Machine Learning (cs.LG), Methodology (stat.ME), FOS: Computer and information sciences, FOS: Computer and information sciences},
  
  title = {f-GAN: Training Generative Neural Samplers using Variational Divergence Minimization},
  
  publisher = {arXiv},
  
  year = {2016},
  
  copyright = {arXiv.org perpetual, non-exclusive license}
}

@misc{https://doi.org/10.48550/arxiv.2010.08029,
  doi = {10.48550/ARXIV.2010.08029},
  
  url = {https://arxiv.org/abs/2010.08029},
  
  author = {Shannon, Matt and Poole, Ben and Mariooryad, Soroosh and Bagby, Tom and Battenberg, Eric and Kao, David and Stanton, Daisy and Skerry-Ryan, RJ},
  
  keywords = {Machine Learning (cs.LG), Machine Learning (stat.ML), FOS: Computer and information sciences, FOS: Computer and information sciences},
  
  title = {Non-saturating GAN training as divergence minimization},
  
  publisher = {arXiv},
  
  year = {2020},
  
  copyright = {Creative Commons Attribution 4.0 International}
}


@article{https://doi.org/10.48550/arxiv.1706.08500,
  doi = {10.48550/ARXIV.1706.08500},
  
  url = {https://arxiv.org/abs/1706.08500},
  
  author = {Heusel, Martin and Ramsauer, Hubert and Unterthiner, Thomas and Nessler, Bernhard and Hochreiter, Sepp},
  
  keywords = {Machine Learning (cs.LG), Machine Learning (stat.ML), FOS: Computer and information sciences, FOS: Computer and information sciences},
  
  title = {GANs Trained by a Two Time-Scale Update Rule Converge to a Local Nash Equilibrium},
  
  publisher = {arXiv},
  
  year = {2017},
  
  copyright = {arXiv.org perpetual, non-exclusive license}
}


@misc{xiao2017fashionmnist,
      title={Fashion-MNIST: a Novel Image Dataset for Benchmarking Machine Learning Algorithms}, 
      author={Han Xiao and Kashif Rasul and Roland Vollgraf},
      year={2017},
      eprint={1708.07747},
      archivePrefix={arXiv},
      primaryClass={cs.LG}
}


@misc{szegedy2015rethinking,
      title={Rethinking the Inception Architecture for Computer Vision}, 
      author={Christian Szegedy and Vincent Vanhoucke and Sergey Ioffe and Jonathon Shlens and Zbigniew Wojna},
      year={2015},
      eprint={1512.00567},
      archivePrefix={arXiv},
      primaryClass={cs.CV}
}


@article{Nguyen_2010,
	doi = {10.1109/tit.2010.2068870},
  
	url = {https://doi.org/10.1109%2Ftit.2010.2068870},
  
	year = 2010,
	month = {nov},
  
	publisher = {Institute of Electrical and Electronics Engineers ({IEEE})},
  
	volume = {56},
  
	number = {11},
  
	pages = {5847--5861},
  
	author = {XuanLong Nguyen and Martin J. Wainwright and Michael I. Jordan},
  
	title = {Estimating Divergence Functionals and the Likelihood Ratio by Convex Risk Minimization},
  
	journal = {{IEEE} Transactions on Information Theory}
}

